@online{KGE,
	title = {Klein-Gordon equation},
	url = {https://en.wikipedia.org/wiki/Klein%E2%80%93Gordon_equation},
}

@book{lahiri04,
	author = "Amitabha Lahiri and {Palash B}. Pal",
	title = "A First Book of Quantum Field Theory",
    year = "2004"
	publisher = "Narosa"
	edition = "Second"
}
@book{griffiths08,
	author = "David Griffiths",
	title = "Introduction to Elementary Particles",
    year = "2008"
	publisher = "WILEY-VCH"
	edition = "Second, Revised"
}

@book{griffiths13,
	author = "David Griffiths",
	title = "Introduction to Electrodynamics",
    year = "2013"
	publisher = "Pearson"
	edition = "Fourth"
}

@book{halzen84,
	author = "Francis Halzen and Martin, {Alan D.} Martin",
	title = "Quarks and Leptons, An Introductory Course in Modern Partice Physics",
    year = "1984"
	publisher = "John Wiley & Sons, Inc"

}
